@ARTICLE{Haggmark1980,
   author = {{Biersack}, J.~P. and {Haggmark}, L.~G.},
    title = "{A Monte Carlo computer program for the transport of energetic ions in amorphous targets}",
  journal = {Nuclear Instruments and Methods},
     year = 1980,
    month = aug,
   volume = 174,
    pages = {257-269},
      doi = {10.1016/0029-554X(80)90440-1},
   adsurl = {http://adsabs.harvard.edu/abs/1980NucIM.174..257B},
  adsnote = {Provided by the SAO/NASA Astrophysics Data System}
}


@ARTICLE{Gull2011,
   author = {{Gull}, E. and {Millis}, A.~J. and {Lichtenstein}, A.~I. and 
	{Rubtsov}, A.~N. and {Troyer}, M. and {Werner}, P.},
    title = "{Continuous-time Monte Carlo methods for quantum impurity models}",
  journal = {Reviews of Modern Physics},
archivePrefix = "arXiv",
   eprint = {1012.4474},
 primaryClass = "cond-mat.str-el",
 keywords = {Electron density of states and band structure of crystalline solids, Quantum Monte Carlo methods, Strongly correlated electron systems, heavy fermions},
     year = 2011,
    month = apr,
   volume = 83,
    pages = {349-404},
      doi = {10.1103/RevModPhys.83.349},
   adsurl = {http://adsabs.harvard.edu/abs/2011RvMP...83..349G},
  adsnote = {Provided by the SAO/NASA Astrophysics Data System}
}


@ARTICLE{Andreopoulos2010,
   author = {{Andreopoulos}, C. and {Bell}, A. and {Bhattacharya}, D. and 
	{Cavanna}, F. and {Dobson}, J. and {Dytman}, S. and {Gallagher}, H. and 
	{Guzowski}, P. and {Hatcher}, R. and {Kehayias}, P. and {Meregaglia}, A. and 
	{Naples}, D. and {Pearce}, G. and {Rubbia}, A. and {Whalley}, M. and 
	{Yang}, T.},
    title = "{The GENIE neutrino Monte Carlo generator}",
  journal = {Nuclear Instruments and Methods in Physics Research A},
archivePrefix = "arXiv",
   eprint = {0905.2517},
 primaryClass = "hep-ph",
     year = 2010,
    month = feb,
   volume = 614,
    pages = {87-104},
      doi = {10.1016/j.nima.2009.12.009},
   adsurl = {http://adsabs.harvard.edu/abs/2010NIMPA.614...87A},
  adsnote = {Provided by the SAO/NASA Astrophysics Data System}
}


@article{Carter1975,
title = {Particle-transport simulation with the Monte Carlo method},
author = {Carter, L.L. and Cashwell, E.D.},
abstractNote = {Attention is focused on the application of the Monte Carlo method to particle transport problems, with emphasis on neutron and photon transport. Topics covered include sampling methods, mathematical prescriptions for simulating particle transport, mechanics of simulating particle transport, neutron transport, and photon transport. A literature survey of 204 references is included. (GMT)},
doi = {10.2172/4167844},
journal = {},
number = ,
volume = ,
place = {United States},
year = {1975},
month = {1}
} 


@ARTICLE{Pozdnyakov1983,
   author = {{Pozdnyakov}, L.~A. and {Sobol}, I.~M. and {Syunyaev}, R.~A.
	},
    title = "{Comptonization and the shaping of X-ray source spectra - Monte Carlo calculations}",
  journal = {Astrophysics and Space Physics Reviews},
 keywords = {Astronomical Models, Compton Effect, Monte Carlo Method, Plasma Clouds, X Ray Sources, Accretion Disks, Electron Energy, Electron Scattering, Power Spectra, Radiation Pressure, Relativistic Plasmas, X Ray Spectra},
     year = 1983,
   volume = 2,
    pages = {189-331},
   adsurl = {http://adsabs.harvard.edu/abs/1983ASPRv...2..189P},
  adsnote = {Provided by the SAO/NASA Astrophysics Data System}
}


@BOOK{Rybicki1979,
   author = {{Rybicki}, G.~B. and {Lightman}, A.~P.},
    title = "{Radiative processes in astrophysics}",
 keywords = {Astrophysics, Radiative Transfer, Atomic Structure, Bremsstrahlung, Compton Effect, Covariance, Kinematics, Molecular Structure, Plasma Radiation, Radiation Distribution, Relativistic Effects, Synchrotron Radiation},
booktitle = {New York, Wiley-Interscience, 1979.~393 p.},
     year = 1979,
   adsurl = {http://adsabs.harvard.edu/abs/1979rpa..book.....R},
  adsnote = {Provided by the SAO/NASA Astrophysics Data System}
}



@ARTICLE{Hovatta2009,
   author = {{Hovatta}, T. and {Valtaoja}, E. and {Tornikoski}, M. and {L{\"a}hteenm{\"a}ki}, A.
	},
    title = "{Doppler factors, Lorentz factors and viewing angles for quasars, BL Lacertae objects and radio galaxies}",
  journal = {\aap},
archivePrefix = "arXiv",
   eprint = {0811.4278},
 keywords = {galaxies: active, galaxies: jets, radio continuum: galaxies, radiation mechanisms: non-thermal, galaxies: quasars: general},
     year = 2009,
    month = feb,
   volume = 494,
    pages = {527-537},
      doi = {10.1051/0004-6361:200811150},
   adsurl = {http://adsabs.harvard.edu/abs/2009A%26A...494..527H},
  adsnote = {Provided by the SAO/NASA Astrophysics Data System}
}


@ARTICLE{Gupta2017,
   author = {{Gupta}, A.~C. and {Mangalam}, A. and {Wiita}, P.~J. and {Kushwaha}, P. and 
	{Gaur}, H. and {Zhang}, H. and {Gu}, M.~F. and {Liao}, M. and 
	{Dewangan}, G.~C. and {Ho}, L.~C. and {Mohan}, P. and {Umeura}, M. and 
	{Sasada}, M. and {Volvach}, A.~E. and {Agarwal}, A. and {Aller}, M.~F. and 
	{Aller}, H.~D. and {Bachev}, R. and {L{\"a}hteenm{\"a}ki}, A. and 
	{Semkov}, E. and {Strigachev}, A. and {Tornikoski}, M. and {Volvach}, L.~N.
	},
    title = "{A peculiar multiwavelength flare in the blazar 3C 454.3}",
  journal = {\mnras},
archivePrefix = "arXiv",
   eprint = {1708.03504},
 primaryClass = "astro-ph.HE",
 keywords = {galaxies: active, BL Lacertae objects: general, quasars: individual: 3C 454.3},
     year = 2017,
    month = nov,
   volume = 472,
    pages = {788-798},
      doi = {10.1093/mnras/stx2072},
   adsurl = {http://adsabs.harvard.edu/abs/2017MNRAS.472..788G},
  adsnote = {Provided by the SAO/NASA Astrophysics Data System}
}


@ARTICLE{Sikora2008,
   author = {{Sikora}, M. and {Moderski}, R. and {Madejski}, G.~M.},
    title = "{3C 454.3 Reveals the Structure and Physics of Its ``Blazar Zone''}",
  journal = {\apj},
archivePrefix = "arXiv",
   eprint = {0711.3524},
 keywords = {galaxies: jets, gamma rays: theory, quasars: general, radiation mechanisms: non-thermal, X-rays: general},
     year = 2008,
    month = mar,
   volume = 675,
    pages = {71-78},
      doi = {10.1086/526419},
   adsurl = {http://adsabs.harvard.edu/abs/2008ApJ...675...71S},
  adsnote = {Provided by the SAO/NASA Astrophysics Data System}
}


@ARTICLE{Terasranta1994,
   author = {{Terasranta}, H. and {Valtaoja}, E.},
    title = "{Brightness temperatures and viewing angles for extragalactic radio sources: A test of unification schemes for active galactic nuclei}",
  journal = {\aap},
 keywords = {Active Galactic Nuclei, Bl Lacertae Objects, Brightness Temperature, Quasars, Radio Galaxies, Viewing, Radio Emission, Red Shift, Relativistic Effects, Very Long Base Interferometry},
     year = 1994,
    month = mar,
   volume = 283,
    pages = {51-58},
   adsurl = {http://adsabs.harvard.edu/abs/1994A%26A...283...51T},
  adsnote = {Provided by the SAO/NASA Astrophysics Data System}
}





@ARTICLE{Pacciani2010,
   author = {{Pacciani}, L. and {Vittorini}, V. and {Tavani}, M. and {Fiocchi}, M.~T. and 
	{Vercellone}, S. and {D'Ammando}, F. and {Sakamoto}, T. and 
	{Pian}, E. and {Raiteri}, C.~M. and {Villata}, M. and {Sasada}, M. and 
	{Itoh}, R. and {Yamanaka}, M. and {Uemura}, M. and {Striani}, E. and 
	{Fugazza}, D. and {Tiengo}, A. and {Krimm}, H.~A. and {Stroh}, M.~C. and 
	{Falcone}, A.~D. and {Curran}, P.~A. and {Sadun}, A.~C. and 
	{Lahteenmaki}, A. and {Tornikoski}, M. and {Aller}, H.~D. and 
	{Aller}, M.~F. and {Lin}, C.~S. and {Larionov}, V.~M. and {Leto}, P. and 
	{Takalo}, L.~O. and {Berdyugin}, A. and {Gurwell}, M.~A. and 
	{Bulgarelli}, A. and {Chen}, A.~W. and {Donnarumma}, I. and 
	{Giuliani}, A. and {Longo}, F. and {Pucella}, G. and {Argan}, A. and 
	{Barbiellini}, G. and {Caraveo}, P. and {Cattaneo}, P.~W. and 
	{Costa}, E. and {De Paris}, G. and {Del Monte}, E. and {Di Cocco}, G. and 
	{Evangelista}, Y. and {Ferrari}, A. and {Feroci}, M. and {Fiorini}, M. and 
	{Fuschino}, F. and {Galli}, M. and {Gianotti}, F. and {Labanti}, C. and 
	{Lapshov}, I. and {Lazzarotto}, F. and {Lipari}, P. and {Marisaldi}, M. and 
	{Mereghetti}, S. and {Morelli}, E. and {Moretti}, E. and {Morselli}, A. and 
	{Pellizzoni}, A. and {Perotti}, F. and {Piano}, G. and {Picozza}, P. and 
	{Pilia}, M. and {Prest}, M. and {Rapisarda}, M. and {Rappoldi}, A. and 
	{Rubini}, A. and {Sabatini}, S. and {Soffitta}, P. and {Trifoglio}, M. and 
	{Trois}, A. and {Vallazza}, E. and {Zanello}, D. and {Colafrancesco}, S. and 
	{Pittori}, C. and {Verrecchia}, F. and {Santolamazza}, P. and 
	{Lucarelli}, F. and {Giommi}, P. and {Salotti}, L.},
    title = "{The 2009 December Gamma-ray Flare of 3C 454.3: The Multifrequency Campaign}",
  journal = {\apjl},
archivePrefix = "arXiv",
   eprint = {1005.3263},
 keywords = {galaxies: active, galaxies: individual: 3C 454.3, quasars: general, radiation mechanisms: non-thermal},
     year = 2010,
    month = jun,
   volume = 716,
    pages = {L170-L175},
      doi = {10.1088/2041-8205/716/2/L170},
   adsurl = {http://adsabs.harvard.edu/abs/2010ApJ...716L.170P},
  adsnote = {Provided by the SAO/NASA Astrophysics Data System}
}


